<record xmlns="http://www.loc.gov/MARC21/slim" xmlns:xsi="http://www.w3.org/2001/XMLSchema-instance" xsi:schemaLocation="http://www.loc.gov/MARC21/slim http://www.loc.gov/standards/marcxml/schema/MARC21slim.xsd"><leader>00844cz   2200169n  4500</leader><controlfield tag="001">oca01499470 </controlfield><controlfield tag="005">19990427101423.1</controlfield><controlfield tag="008">851108n| acannaab|          |a aaa     c</controlfield><datafield ind1=" " ind2=" " tag="010"><subfield code="a">n  85143752 </subfield></datafield><datafield ind1=" " ind2=" " tag="040"><subfield code="a">InU</subfield><subfield code="c">DLC</subfield><subfield code="d">Uk</subfield></datafield><datafield ind1="1" ind2=" " tag="100"><subfield code="a">Atticus, Titus Pomponius</subfield></datafield><datafield ind1="1" ind2=" " tag="400"><subfield code="a">Atticus, Pomponius</subfield></datafield><datafield ind1="1" ind2=" " tag="400"><subfield code="a">Pomponius, Titus</subfield></datafield><datafield ind1="1" ind2=" " tag="400"><subfield code="a">Pomponianus, Quintus Caecilius</subfield></datafield><datafield ind1=" " ind2=" " tag="670"><subfield code="a">Nepos, C. The life &amp; death of Pomponius Atticus, 1677.</subfield></datafield><datafield ind1=" " ind2=" " tag="670"><subfield code="a">Encyc. Brit., 15th ed.</subfield><subfield code="b">(Atticus, Titus Pomponius; b. 109, d. 32 B.C.; Roman knight, Epicurean and patron of letters; his name was Titus Pomponius, that of Atticus being given him later from long residence in Athens (88-65 B.C.); assumed the name of Quintus Caecilius Pomponianus when his rich uncle died in 58 B.C.)</subfield></datafield><datafield ind1=" " ind2=" " tag="670"><subfield code="a">LC data base, 10/11/85</subfield><subfield code="b">(hdg.: Atticus, Titus Pomponius; usage: ... Atticum)</subfield></datafield></record>